<?xml version="1.0" encoding="UTF-8"?><collection xmlns="http://www.loc.gov/MARC21/slim"><record><leader>00418nam--2200145-i-4500</leader><controlfield tag="001">000035039</controlfield><controlfield tag="002">20161230</controlfield><controlfield tag="005">20161230201040</controlfield><controlfield tag="008">060222s1000------------r-----000-0-eng-d</controlfield><datafield ind1=" " ind2=" " tag="080"><subfield code="a">517.1(075.8)</subfield></datafield><datafield ind1="1" ind2="0" tag="100"><subfield code="a">Nikolsky, S.M</subfield></datafield><datafield ind1="1" ind2=" " tag="245"><subfield code="a">A course of mathematical analysis. translated from the russian by v.m.volosov</subfield></datafield><datafield ind1=" " ind2=" " tag="260"><subfield code="a">Moscow, Mir Publishers, 1977. 460p</subfield></datafield><datafield ind1=" " ind2=" " tag="852"><subfield code="a">44998</subfield><subfield code="c">517</subfield></datafield><datafield ind1=" " ind2=" " tag="CAT"><subfield code="a">Sys</subfield><subfield code="c">20080707</subfield><subfield code="h">075533</subfield></datafield></record></collection>